%% Saved with string encoding Unicode (UTF-8)

% Entradas sem "arroba" são entradas ignoradas

% ---
% Articles
% ---

@article{aizerman1964,
    title = {Theoretical Foundations of the Potential Function Method in Pattern Recognition Learning},
    author = {Aizerman, Mark A and Braverman, EM and Rozonoer, LI},
    publisher = {Plenum Publishing Corporation},
    journal = {Automation and Remote Control},
    address = {New York, NY, US},
    issn = {00051179},
    number = {6},
    volume = {25},
    pages = {821--837},
    year = {1965}
}

@article{aronszajn1950,
    title = {Theory of Reproducing Kernels},
    author = {Aronszajn, NJ},
    publisher = {American Mathematical Society},
    journal = {Transactions of the American Mathematical Society},
    address = {Providence, RI, US},
    issn = {00029947},
    month = mar,
    volume = {68},
    pages = {337--404},
    year = {1950},
    url = {http://www.jstor.org/stable/1990404}
}

article{exterkate2013,
	title = {Model selection in kernel ridge regression},
	author = {Exterkate, Peter},
	publisher = {Elsevier},
	journal = {Computational Statistics \& Data Analysis},
	address = {Amsterdam, NE},
	issn = {01679473},
	month = dec,
	volume = {68},
	pages = {1--16},
	year = {2013}
}

@article{hagan1994, 
    title = {Training feedforward networks with the Marquardt algorithm},
    author = {M. T. Hagan and M. B. Menhaj},
    publisher = {IEEE},
    journal = {IEEE Transactions on Neural Networks},
    address = {New York, NY, US},
    issn = {1045-9227},
    month = nov,
    number = {6},
    volume = {5},
    pages = {989--993},
    year = {1994}
}

@article{hoerl1970a,
    title = {Ridge regression: Biased estimation for nonorthogonal problems},
    author = {Hoerl, Arthur E and Kennard, Robert W},
    publisher = {American Statistical Association},
    journal = {Technometrics},
    address = {Alexandria, VA, US},
    issn = {00401706},
    number = {1},
    volume = {12},
    pages = {55--67},
    year = {1970}
}

article{hoerl1970b,
    title = {Ridge regression: applications to nonorthogonal problems},
    author = {Hoerl, Arthur E and Kennard, Robert W},
    publisher = {American Statistical Association}, %Taylor \& Francis Group
    journal = {Technometrics},
    address = {Alexandria, VA, US},
    issn = {00401706},
    number = {1},
    volume = {12},
    pages = {69--82},
    year = {1970}
}

@article{hofmann2008,
    title = {Kernel methods in machine learning},
    author = {Hofmann, Thomas and Sch{\"o}lkopf, Bernhard and Smola, Alexander J},
    publisher = {Institute of Mathematical Statistics},
    journal = {The Annals of Statistics},
    address = {Cleveland, OH, US},
    issn = {00905364},
    number = {3},
    month = jun,
    volume = {36},
    pages = {1171--1220},
    year = {2008}
}

@article{howley2005,
	title = {The genetic kernel support vector machine: Description and evaluation},
	author = {Howley, Tom and Madden, Michael G},
	publisher = {Springer},
	journal = {Artificial Intelligence Review},
	address = {Dordrecht, NE},
	issn = {02692821},
	number = {3-4},
	month = nov,
	volume = {24},
	pages = {379--395},
	year = {2005}
}

@article{kamath2011,
    title = {A two-stage evolutionary approach for effective classification of hypersensitive dna sequences},
    author = {Kamath, Uday and Shehu, Amarda and De Jong, Kenneth A},
    publisher = {Imperial College Press},
    journal = {Journal of Bioinformatics and Computational Biology},
    address = {London, UK},
    issn = {02197200},
    number = {3, SI},
    month = jun,
    volume = {9},
    pages = {399--413},
    year = {2011}
}

article{mercer1909,
    title = {XVI. Functions of positive and negative type, and their connection the theory of integral equations},
    author = {J Mercer, BA},
    publisher = {The Royal Society},
    journal = {Phil. Trans. R. Soc. Lond. A},
    address = {},
    issn = {},
    number = {441-458},
    volume = {209},
    pages = {415--446},
    year = {1909}
}

@article{montana1995,
    title = {Strongly typed genetic programming},
    author = {Montana, David J},
    publisher = {MIT Press},
    journal = {Evolutionary Computation},
    address = {Cambridge, MA, US},
    issn = {10636560},
    number = {2},
    volume = {3},
    pages = {199--230},
    year = {1995}
}

@article{oussadeine1997,
    title = {Practical aspects and experiences - Parallel genetic programming and its application to trading model induction},
    author = {Oussaidene, M and Chopard, B and Pictet, OV and Tomassini, M},
    publisher = {Elsevier},
    journal = {Parallel Computing},
    address = {Amsterdam, NE},
    issn = {01678191},
    number = {8},
    month = aug,
    volume = {23},
    pages = {1183 - 1198},
    year = {1997}
}

article{saeys2007,
    title = {A review of feature selection techniques in bioinformatics},
    author = {Saeys, Yvan and Inza, I{\~n}aki and Larra{\~n}aga, Pedro},
    publisher = {Oxford University Press},
    journal = {Bioinformatics},
    address = {Oxford, UK},
    issn = {13674803},
    number = {19},
    month = oct,
    volume = {23},
    pages = {2507--2517},
    year = {2007}
}

@article{saunders1998,
    title = {Ridge regression learning algorithm in dual variables},
    author = {Saunders, Craig and Gammerman, Alexander and Vovk, Volodya},
    publisher = {},
    journal = {},
    address = {},
    issn = {},
    number = {},
    month = {},
    volume = {},
    pages = {},
    year = {1998}
}

article{zamani2014,
    title = {Evolutionary combination of kernels for nonlinear feature transformation},
    author = {Zamani, Behzad and Akbari, Ahmad and Nasersharif, Babak},
    publisher = {Elsevier},
    journal = {Information Sciences},
    address = {New York, NY, US},
    issn = {00200255},
    number = {},
    month = aug,
    volume = {274},
    pages = {95--107},
    year = {2014}
}

% ---
% Books
% ---

@book{abrahamsen2013,
    title = {Kernel Methods for Machine Learning with Life Science Applications},
    author = {Abrahamsen, Trine Julie},
    publisher = {DTU Compute},
    address = {Pavia, Lombardia, IT},
    isbn = {},
    year = {2013}
}

@book{banzhaf1998,
    title = {Genetic Programming: An Introduction},
    subtitle = {{O}n the {A}utomatic {E}volution of {C}omputer {P}rograms and {I}ts {A}pplications},
    author = {Banzhaf, Wolfgang and Francone, Frank D. and Keller, Robert E. and Nordin, Peter},
    publisher = {Morgan Kaufmann Publishers Inc.},
    address = {San Francisco, CA, USA},
    isbn = {155860510-X},
    year = {1998}
}

@book{bates1988,
    title = {Nonlinear Regression Analysis and its Applications},
    author = {Bates, {Douglas M.} and Watts, {Donald G.}},
    series = {Wiley Series in Probability and Mathematical Statistics},
    publisher = {John Wiley \& Sons},
    address = {New York, NY, USA},
    isbn = {0471816434},
    year = {1988}
}

@book{boyd2004,
    title = {Convex Optimization},
    author = {Boyd, Stephen and Vandenberghe, Lieven},
    publisher = {Cambridge University Press},
    address = {New York, NY, USA},
    isbn = {0521833787},
    year = {2004},
}

@book{eiben2015,
    title = {Introduction to Evolutionary Computing},
    author = {Eiben, A. E. and Smith, James E.},
    series = {Natural Computing Series},
    publisher = {Springer Publishing Company, Incorporated},
    address = {Heidelberg, DE},
    isbn = {9783642072857},
    edition = {2nd},
    year = {2015}
}

@book{gama2011,
    title = {Inteligência Artificial},
    subtitle = {Uma {A}bordagem de {A}prendizado de {M}áquina},
    author = {Gama, João and Faceli, Katti and Lorena, Ana Carolina and de Carvalho, André Carlos Ponce de Leon Ferreira},
    publisher = {LTC},
    address = {Rio de Janeiro, BR},
    isbn = {9788521618805},
    year = {2011},
}

@book{han2011,
    title = {Data Mining},
    subtitle = {{C}oncepts and {T}echniques},
    author = {Han, Jiawei and Pei, Jian and Kamber, Micheline},
    series = {The Morgan Kaufmann Series in Data Management Systems},
    publisher = {Elsevier},
    address = {Boston, MA, US},
    isbn = {9789380931913},
    edition = {3rd},
    year = {2011},
}

@book{hastie2009,
    title = {The Elements of Statistical Learning},
    author = {Hastie, Trevor and Tibshirani, Robert and Friedman, Jerome},
    series = {Springer Series in Statistics},
    publisher = {Springer New York Inc.},
    address = {New York, NY, US},
    isbn = {9780387848570},
    edition = {2nd},
    year = {2009}
}

@book{homero2015,
    title = {Homero: Il{\'\i}ada e Odisseia},
    author = {Nunes, C.A.},
    isbn = {9788520924082},
    series = {Homero},
    url = {https://books.google.com.br/books?id=BpCpCQAAQBAJ},
    year = {2015}
}

@book{koza1992,
    title = {Genetic Programming},
    subtitle = {{O}n the {P}rogramming of {C}omputers by {M}eans of {N}atural {S}election},
    author = {Koza, John R},
    series = {A Bradford Book},
    publisher = {MIT press},
    address = {Cambridge, MA, US},
    isbn = {9780262111706},
    year = {1992}
}

@book{mitchell1997,
    title = {Machine Learning},
    author = {Mitchell, T.M.},
    series = {McGraw-Hill International Editions},
    publisher = {McGraw-Hill, Inc.},
    address = {New York, NY, US},
    isbn = {9780071154673},
    year = {1997}
}

@book{montgomery2012,
    title = {Introduction to Linear Regression Analysis},
    author = {Montgomery, Douglas C and Peck, Elizabeth A and Vining, G Geoffrey},
    series = {Wiley Series in Probability and Statistics},
    publisher = {John Wiley \& Sons, Inc.},
    address = {Hoboken, NJ, US},
    volume = {821},
    isbn = {9780470542811},
    edition = {5th},
    year = {2012}
}

@book{poli2008,
	title = {A Field Guide to Genetic Programming},
	author = {Riccardo Poli and William B. Langdon and Nicholas Freitag McPhee},
	publisher = {Published via \texttt{http://lulu.com} and freely available at \texttt{http://www.gp-field-guide.org.uk}},
	address = {Morrisville, NC, US},
	note = {With contributions by J. R. Koza},
	isbn = {9781409200734},
	year = {2008}
}

@book{rasmussen2006,
    title = {Gaussian Processes for Machine Learning},
    author = {Rasmussen, CE. and Williams, CKI.},
    series = {Adaptive Computation and Machine Learning},
    publisher = {MIT Press},
    address = {Cambridge, MA, US},
    isbn = {026218253-X},
    year = {2006},
}

@book{russell2009,
    title = {Artificial Intelligence},
    subtitle = {A {M}odern {A}pproach},
    author = {Russell, Stuart and Norvig, Peter},
    publisher = {Prentice Hall Press},
    address = {Upper Saddle River, NJ, US},
    isbn = {9780136042594},
    edition = {3rd},
    year = {2009}
}

@book{schlkopf2004,
    title = {Kernel Methods in Computational Biology},
    author = {Sch{\"o}lkopf, Bernhard. and Tsuda, Koji. and Vert, Jean-Philippe.},
    publisher = {MIT Press},
    address = {Cambridge, MA, US},
    isbn = {9780262195096},
    year = {2004}
}

@book{scholkopf2001,
    title = {Learning with Kernels},
    subtitle = {{S}upport {V}ector {M}achines, {R}egularization, {O}ptimization, and {B}eyond},
    author = {Sch{\"o}lkopf, Bernhard and Smola, Alexander J},
    series = {Adaptive Computation and Machine Learning},
    publisher = {MIT Press},
    address = {Cambridge, MA, US},
    isbn = {0262194759},
    year = {2001},
}

@book{shawe2004,
    title = {Kernel Methods for Pattern Analysis},
    author = {Shawe-Taylor, John and Cristianini, Nello},
    publisher = {Cambridge University Press},
    address = {New York, NY, US},
    isbn = {9780521813976},
    year = {2004},
}

@book{suykens2002,
    title = {Least Squares Support Vector Machines},
    author = {Suykens, J. A. K. and Gestel, T. Van and Brabanter, J. De and Moor, B. De and Vandewalle, J.},
    publisher = {World Scientific},
    address = {Singapore},
    year = {2002}
}

@book{vapnik1995,
    title = {The Nature of Statistical Learning Theory},
    author = {Vapnik, Vladimir N.},
    publisher = {Springer-Verlag},
    address = {New York, NY, US},
    isbn = {0387945598},
    edition = {1st},
    year = {1995}
}

@book{vapnik1998,
    title = {Statistical Learning Theory},
    author = {Vapnik, Vladimir N.},
    publisher = {John Wiley \& Sons},
    address = {Hoboken, NJ, US} ,
    isbn = {0387945598},
    edition = {1st},
    year = {1998}
}

book{wahba1990,
    title={Spline models for observational data},
    author={Wahba, Grace},
    publisher={SIAM},
    year={1990},
}

% ---
% Miscellaneous
% ---

@misc{dua2017,
    author = {Dheeru, Dua and Karra Taniskidou, Efi},
    title = {{UCI} Machine Learning Repository},
    url = {http://archive.ics.uci.edu/ml},
    organization = {University of California, Irvine, School of Information and Computer Sciences},
    urlaccessdate = {15 fev. 2018},
    year = {2017}
}

@misc{luke2015,
    author = {Sean Luke},
    title = {{ECJ} Evolutionary Computation Library (version 23)},
    url = {http://cs.gmu.edu/~eclab/projects/ecj},
    organization = {Department of Computer Science, George Mason University},
    urlaccessdate = {01 jul. 2017},
    year = {2015}
}

@misc{statlib2018,
    author = {StatLib},
    title = {StatLib---Datasets Archive},
    url = {http://lib.stat.cmu.edu/datasets},
    organization = {Carnegie Mellon University},
    urlaccessdate = {15 fev. 2018},
    year = {2018}
}

@misc{torgo2018,
    author = {Luís Torgo},
    title = {Luís Torgo - Regression Data Sets},
    url = {http://www.dcc.fc.up.pt/~ltorgo/Regression/DataSets.html},
    organization = {Department of Computer Science, Faculty of Sciences, University of Porto},
    urlaccessdate={15 fev. 2018},
    year = {2018}
}

% ---
% Proceedings
% ---

@inproceedings{alizadeh2011,
	title = {Kernel evolution for support vector classification},
	author = {Alizadeh, Mehrdad and Ebadzadeh, Mohammad Mehdi},
	booktitle = {Workshop on Evolving and Adaptive Intelligent Systems (EAIS)},
	address = {Paris, FR},
	organization = {IEEE},
	pages = {93--99},
	month = {April},
	year = {2011}
}

@inproceedings{aslam2000,
    title = {Improving algorithms for boosting},
    author = {Aslam, Javed A},
    booktitle = {13th Annual Conference on Computational Learning Theory},
    address = {San Francisco, CA, US},
    organization = {Morgan Kaufmann Publishers Inc.},
    pages = {200--207},
    month = {July},
    year = {2000},
}

inproceedings{bing2010,
	title = {A GP-based kernel construction and optimization method for RVM},
	author = {Bing, Wu and Wen-qiong, Zhang and Ling, Chen and Jia-hong, Liang},
	booktitle = {The 2nd International Conference on Computer and Automation Engineering (ICCAE)},
	address = {Singapore},
	organization = {IEEE},
	pages = {419--423},
	volume = {4},
	year = {2010}
}

@inproceedings{cuong2006, 
	title = {A combination of kernel methods and genetic programming for gene expression pattern classification},
	author = {Cuong To and J. Vohradsky},
	booktitle = {2006 International Conference onResearch, Innovation and Vision for the Future},
	address = {Ho Chi Minh, Vietnam, VN},
	organization = {IEEE},
	pages = {214--221},
	month = {February},
	year = {2006}
}

@inproceedings{diosan2007,
	title = {Evolving kernel functions for SVMs by genetic programming},
	author = {Diosan, Laura and Rogozan, Alexandrina and Pecuchet, Jean Pierre},
	booktitle = {6th International Conference on Machine Learning and Applications},
	address = {Cincinnati, OH, US},
	organization = {IEEE},
	pages = {19--24},
	year = {2007}
}

@inproceedings{gagne2006,
	title = {Genetic programming for kernel-based learning with co-evolving subsets selection},
	author = {Gagn{\'e}, Christian and Schoenauer, Marc and Sebag, Michele and Tomassini, Marco},
	booktitle = {Parallel Problem Solving from Nature - PPSN IX},
	address = {Reykjavik, IS},
	organization = {Springer},
	volume = {4193},
	pages = {1008--1017},
	year = {2006}
}

@inproceedings{girdea2007, 
	title = {A Hybrid Genetic Programming and Boosting Technique for Learning Kernel Functions from Training Data}, 
	author = {M. Girdea and L. Ciortuz}, 
	booktitle = {9th International Symposium on Symbolic and Numeric Algorithms for Scientific Computing (SYNASC)},
	address = {Timisoara, RO},
	organization = {IEEE},
	month = {September},
	pages = {395--402},
	year = {2007}
}

@inproceedings{howley2006,
	title = {An evolutionary approach to automatic kernel construction},
	author = {Howley, Tom and Madden, Michael G},
	booktitle = {International Conference on Artificial Neural Networks},
	address = {Athens, GR},
	organization = {Springer},
	month = {},
	pages = {417--426},
	year = {2006}
}

@inproceedings{luke2001,
    title = {A survey and comparison of tree generation algorithms},
    author = {Luke, Sean and Panait, Liviu},
    booktitle = {Proceedings of the 3rd Annual Conference on Genetic and    Evolutionary Computation},
    address = {San Francisco, CA, US},
    organization = {Morgan Kaufmann Publishers Inc.},
    month = {July},
    pages = {81--88},
    year = {2001}
}

@inproceedings{luke2002,
    title = {Lexicographic parsimony pressure},
    author = {Luke, Sean and Panait, Liviu},
    booktitle = {Proceedings of the 4th Annual Conference on Genetic and Evolutionary Computation},
    address = {Orlando, FL, US},
    organization = {Morgan Kaufmann Publishers Inc.},
    month = {July},
    pages = {829--836},
    year = {2002}
}

inproceedings{majid2005,
    title = {Intelligent combination of Kernels information for improved classification},
    author = {Majid, Abdul and Khan, Asifullah and Mirza, Anwar M},
    booktitle = {4th International Conference on Machine Learning and Applications},
    address = {Los Angeles, CA, US},
    organization = {IEEE},
    month = {December},
    pages = {6--pp},
    year = {2005}
}

inproceedings{phienthrakul2007gpes,
    title = {GPES: An algorithm for evolving hybrid kernel functions of support vector machines},
    author = {Phienthrakul, Tanasanee and Kijsirikul, Boonserm},
    booktitle = {IEEE Congress on Evolutionary Computation (CEC)},
    address = {Singapore},
    organization = {IEEE},
    month = {September},
    pages = {2636--2643},
    year = {2007}
}

@inproceedings{platt1999,
    title = {Fast Training of Support Vector Machines using Sequential Minimal Optimization},
    author = {Platt, John},
    booktitle = {Advances in Kernel Methods - Support Vector Learning},
    address = {Cambridge, MA, US},
    organization = {MIT Press},
    month = {April},
    pages = {21},
    year = {1999}
}

@inproceedings{ribeiro2015,
    title = {Kernel Combination Through Genetic Programming for Image Classification},
    author = {Ribeiro, Yuri H and do Patroc{\'\i}nio, Zenilton KG and Guimar{\~a}es, Silvio Jamil F},
    booktitle = {Iberoamerican Congress on Pattern Recognition},
    address = {Montevideo, UY},
    organization = {Springer},
    month = {November},
    pages = {314--321},
    year = {2015}
}

@inproceedings{samuel1983,
    title = {AI, Where It Has Been and Where It Is Going},
    author = {Arthur L. Samuel},
    booktitle = {Proceedings of the 8th International Joint Conference on Artificial Intelligence},
    address = {Karlsruhe, West Germany},
    organization = {William Kaufmann},
    month = {August},
    pages = {1152--1157},
    year = {1983}
}

@inproceedings{schuh2012,
    title = {Evolving Kernel Functions with Particle Swarms and Genetic Programming.},
    author = {Schuh, Michael A and Angryk, Rafal A and Sheppard, John W},
    booktitle = {Proceedings of the Twenty-Fifth International Florida Artificial Intelligence Research Society Conference},
    address = {Marco Island, FL, US},
    organization = {{AAAI} Press},
    month = {May},
    pages = {80--85},
    year = {2012}
}

@inproceedings{smola1997,
    title = {Support Vector Regression Machines},
    author = {Harris Drucker and Chris J. C. Burges and Linda Kaufman and Alex Smola and Vladimir Vapnik},
    booktitle = {Advances in Neural Information Processing Systems 9},
    address = {Denver, CO, USA},
    publisher = {MIT Press},
    month = {December},
    pages = {155--161},
    year = {1997},
}

@inproceedings{sullivan2007,
    title = {Evolving kernels for support vector machine classification},
    author = {Sullivan, Keith M and Luke, Sean},
    booktitle = {Proceedings of the 9th Annual Conference on Genetic and Evolutionary Computation},
    address = {London, UK},
    organization = {ACM},
    month = {July},
    pages = {1702--1707},
    year = {2007},
}

% ---
% Thesis
% ---

@thesis{ajalmar2011,
    author = {Ajalmar Rêgo da Rocha Neto}, 
    title = {SINPATCO II},
    subtitle = {{N}ovas {E}stratégias de {A}prendizado de {M}áquina para {C}lassificação de {P}atologias da {C}oluna {V}ertebral},
    school = {Centro de Tecnologia, Universidade Federal do Ceará},
    type = {Doutorado em Engenharia de Teleinformática},
    address = {Fortaleza, CE, BR},
    year = {2011}
}

thesis{daniel2017,
    author = {José Daniel de Alencar Santos},
    title = {Adaptive Kernel-Based Regression for Robust System
Identification},
    school = {Centro de Tecnologia, Universidade Federal do Ceará},
    type = {Doutorado em Engenharia de Teleinformática},
    address = {Fortaleza, CE, BR},
    year = {2017}
}

@thesis{madson2017,
    author = {Madson Luiz Dantas Dias},
    title = {Novas técnicas baseadas em metaheurísticas para o treinamento de máquinas de vetores suporte},
    school = {Instituto Federal de Educação, Ciência e Tecnologia do Ceará (IFCE)},
    address = {Fortaleza, CE, BR},
    type = {Mestrado em Ciência da Computação},
    year = {2017}
}

@thesis{smola1998,
    author = {Alexander Johannes Smola},
    title = {Learning with Kernels},
    school = {Technischen Universitsitat},
    type = {Doktor der Naturwissenschafte},
    address = {Berlin, DE},
    year = {1998}
}

% ---------------------------------------------------------------------------

@incollection{powell1987,
    author = {Powell, M. J. D.},
    chapter = {Radial Basis Functions for Multivariable Interpolation: A Review},
    title = {Algorithms for Approximation},
    editor = {Mason, J. C. and Cox, M. G.},
    year = {1987},
    isbn = {0198536127},
    pages = {143--167},
    publisher = {Clarendon Press},
    address = {New York, NY, US},
} 